%YAML 1.1
%TAG !u! tag:unity3d.com,2011:
--- !u!1 &160938370245508605
GameObject:
  m_ObjectHideFlags: 0
  m_CorrespondingSourceObject: {fileID: 0}
  m_PrefabInstance: {fileID: 0}
  m_PrefabAsset: {fileID: 0}
  serializedVersion: 6
  m_Component:
  - component: {fileID: 160938370245508606}
  - component: {fileID: 160938370245508607}
  - component: {fileID: 160938370245508604}
  m_Layer: 0
  m_Name: GodOfInputs
  m_TagString: Untagged
  m_Icon: {fileID: 0}
  m_NavMeshLayer: 0
  m_StaticEditorFlags: 0
  m_IsActive: 1
--- !u!4 &160938370245508606
Transform:
  m_ObjectHideFlags: 0
  m_CorrespondingSourceObject: {fileID: 0}
  m_PrefabInstance: {fileID: 0}
  m_PrefabAsset: {fileID: 0}
  m_GameObject: {fileID: 160938370245508605}
  m_LocalRotation: {x: 0, y: 0, z: 0, w: 1}
  m_LocalPosition: {x: -18, y: 1, z: 213.1}
  m_LocalScale: {x: 1, y: 1, z: 1}
  m_Children: []
  m_Father: {fileID: 0}
  m_RootOrder: 0
  m_LocalEulerAnglesHint: {x: 0, y: 0, z: 0}
--- !u!114 &160938370245508607
MonoBehaviour:
  m_ObjectHideFlags: 0
  m_CorrespondingSourceObject: {fileID: 0}
  m_PrefabInstance: {fileID: 0}
  m_PrefabAsset: {fileID: 0}
  m_GameObject: {fileID: 160938370245508605}
  m_Enabled: 1
  m_EditorHideFlags: 0
  m_Script: {fileID: 11500000, guid: 62899f850307741f2a39c98a8b639597, type: 3}
  m_Name: 
  m_EditorClassIdentifier: 
  m_Actions: {fileID: -944628639613478452, guid: 707696a0dbc016446939fef976015a42, type: 3}
  m_NotificationBehavior: 2
  m_UIInputModule: {fileID: 0}
  m_DeviceLostEvent:
    m_PersistentCalls:
      m_Calls: []
  m_DeviceRegainedEvent:
    m_PersistentCalls:
      m_Calls: []
  m_ControlsChangedEvent:
    m_PersistentCalls:
      m_Calls: []
  m_ActionEvents:
  - m_PersistentCalls:
      m_Calls:
      - m_Target: {fileID: 160938370245508604}
        m_TargetAssemblyTypeName: GodOfInputs, Assembly-CSharp
        m_MethodName: PieDerecho
        m_Mode: 1
        m_Arguments:
          m_ObjectArgument: {fileID: 0}
          m_ObjectArgumentAssemblyTypeName: UnityEngine.Object, UnityEngine
          m_IntArgument: 0
          m_FloatArgument: 0
          m_StringArgument: 
          m_BoolArgument: 0
        m_CallState: 2
    m_ActionId: 5fd192d8-7306-4096-8b0d-b3fbee7743de
    m_ActionName: Player/PieDerecho[/TW6 Wheel/stick/up,/Keyboard/w]
  - m_PersistentCalls:
      m_Calls:
      - m_Target: {fileID: 160938370245508604}
        m_TargetAssemblyTypeName: GodOfInputs, Assembly-CSharp
        m_MethodName: PieIzquierdo
        m_Mode: 1
        m_Arguments:
          m_ObjectArgument: {fileID: 0}
          m_ObjectArgumentAssemblyTypeName: UnityEngine.Object, UnityEngine
          m_IntArgument: 0
          m_FloatArgument: 0
          m_StringArgument: 
          m_BoolArgument: 0
        m_CallState: 2
    m_ActionId: 9008f041-c2be-4307-9227-9ee6c3af962a
    m_ActionName: Player/PieIzquierdo[/TW6 Wheel/stick/down,/Keyboard/s]
  - m_PersistentCalls:
      m_Calls:
      - m_Target: {fileID: 160938370245508604}
        m_TargetAssemblyTypeName: GodOfInputs, Assembly-CSharp
        m_MethodName: ManoDerecha
        m_Mode: 1
        m_Arguments:
          m_ObjectArgument: {fileID: 0}
          m_ObjectArgumentAssemblyTypeName: UnityEngine.Object, UnityEngine
          m_IntArgument: 0
          m_FloatArgument: 0
          m_StringArgument: 
          m_BoolArgument: 0
        m_CallState: 2
    m_ActionId: 9471804e-6eb8-445e-a289-2e479a6810e0
    m_ActionName: Player/ManoDerecha[/TW6 Wheel/button6,/Keyboard/d]
  - m_PersistentCalls:
      m_Calls:
      - m_Target: {fileID: 160938370245508604}
        m_TargetAssemblyTypeName: GodOfInputs, Assembly-CSharp
        m_MethodName: ManoIzquierda
        m_Mode: 1
        m_Arguments:
          m_ObjectArgument: {fileID: 0}
          m_ObjectArgumentAssemblyTypeName: UnityEngine.Object, UnityEngine
          m_IntArgument: 0
          m_FloatArgument: 0
          m_StringArgument: 
          m_BoolArgument: 0
        m_CallState: 2
    m_ActionId: dc6898c4-9401-44a1-a062-cba531fb75da
    m_ActionName: Player/ManoIzquierda[/TW6 Wheel/button5,/Keyboard/a]
  m_NeverAutoSwitchControlSchemes: 0
  m_DefaultControlScheme: 
  m_DefaultActionMap: Player
  m_SplitScreenIndex: -1
  m_Camera: {fileID: 0}
--- !u!114 &160938370245508604
MonoBehaviour:
  m_ObjectHideFlags: 0
  m_CorrespondingSourceObject: {fileID: 0}
  m_PrefabInstance: {fileID: 0}
  m_PrefabAsset: {fileID: 0}
  m_GameObject: {fileID: 160938370245508605}
  m_Enabled: 1
  m_EditorHideFlags: 0
  m_Script: {fileID: 11500000, guid: 5b23e3d52787cf949b12fb87f6c4d903, type: 3}
  m_Name: 
  m_EditorClassIdentifier: 
